%% This BibTeX bibliography file was created using BibDesk.
%% http://bibdesk.sourceforge.net/

%% Created for liangyeni at 2015-12-13 21:19:19 -0500 


%% Saved with string encoding Unicode (UTF-8) 



@conference{7,
	Author = {S. Ye, J. Lang and F. Wu},
	Booktitle = {Proceedings of the 12th International Asia-Pacific Web Conference, IEEE},
	Date-Added = {2015-12-14 02:17:42 +0000},
	Date-Modified = {2015-12-14 02:19:19 +0000},
	Pages = {236-242},
	Title = {Crawling Online Social Graphs},
	Year = {2010}}

@article{6,
	Author = {Mike Thelwall},
	Date-Added = {2015-12-14 02:14:09 +0000},
	Date-Modified = {2015-12-14 02:15:06 +0000},
	Journal = {Journal of Documentation},
	Pages = {177-191},
	Title = {Results from a web impact factor crawler},
	Year = {2001}}

@conference{5,
	Author = {Mark Najork and Janet L. Wiener},
	Booktitle = {Proceedings of the 10th international conference on World Wide Web},
	Date-Added = {2015-12-14 02:07:22 +0000},
	Date-Modified = {2015-12-14 02:11:03 +0000},
	Pages = {114-118},
	Title = {Breadth-first crawling yields high-quality pages},
	Year = {2001}}

@misc{4,
	Date-Added = {2015-12-14 01:50:14 +0000},
	Date-Modified = {2015-12-14 01:58:08 +0000},
	Howpublished = {http://www.alexa.com/siteinfo/douban.com},
	Url = {http://www.alexa.com/siteinfo/douban.com}}

@inbook{3,
	Date-Added = {2015-12-14 01:37:09 +0000},
	Date-Modified = {2015-12-14 01:46:39 +0000},
	Keywords = {https://en.m.wikipedia.org/wiki/Six_degrees_of_separation},
	Publisher = {Telegraph},
	Title = {Six degrees of separation' theory tested on Facebook},
	Url = {https://en.m.wikipedia.org/wiki/Six_degrees_of_separation},
	Year = {2012}}

@book{2,
	Author = {Allen Downey},
	Date-Added = {2015-12-14 01:31:38 +0000},
	Date-Modified = {2015-12-14 01:32:25 +0000},
	Publisher = {Green Tea Press},
	Title = {Think Python},
	Year = {2003}}

@article{1,
	Author = {L. Garton, C. Haythornthwaite and B.Wellman},
	Date-Added = {2015-12-14 01:11:01 +0000},
	Date-Modified = {2015-12-14 01:14:59 +0000},
	Journal = {Journal of Computer-Mediated Communication},
	Title = {Studying Online Social Networks},
	Volume = {3},
	Year = {1997}}
